@article{baldominos2019automated,
  title={On the automated, evolutionary design of neural networks: past, present, and future},
  author={Baldominos, Alejandro and Saez, Yago and Isasi, Pedro},
  journal={Neural Computing and Applications},
  pages={1--27},
  year={2019},
  publisher={Springer},
  citations = {lu2008,angeline1994evolutionary,balakrishnan1995evolutionary,baldominos2018evolutionary}
}

@article{baldominos2018evolutionary,
  title={Evolutionary convolutional neural networks: An application to handwriting recognition},
  author={Baldominos, Alejandro and Saez, Yago and Isasi, Pedro},
  journal={Neurocomputing},
  volume={283},
  pages={38--52},
  year={2018},
  publisher={Elsevier}
}

@article{balakrishnan1995evolutionary,
  title={Evolutionary design of neural architectures--a preliminary taxonomy and guide to literature},
  author={Balakrishnan, Karthik and Honavar, Vasant},
  year={1995}
}

@article{angeline1994evolutionary,
  title={An evolutionary algorithm that constructs recurrent neural networks},
  author={Angeline, Peter J and Saunders, Gregory M and Pollack, Jordan B},
  journal={IEEE transactions on Neural Networks},
  volume={5},
  number={1},
  pages={54--65},
  year={1994},
  publisher={IEEE}
}

@article{liang2019evolutionary,
  title={Evolutionary neural automl for deep learning},
  author={Liang, Jason and Meyerson, Elliot and Hodjat, Babak and Fink, Dan and Mutch, Karl and Miikkulainen, Risto},
  journal={arXiv preprint arXiv:1902.06827},
  year={2019},
  citations = {lu2008}
}

@article{lu2008,
  author    = {Zhichao Lu and
               Ian Whalen and
               Vishnu Boddeti and
               Yashesh D. Dhebar and
               Kalyanmoy Deb and
               Erik D. Goodman and
               Wolfgang Banzhaf},
  title     = {{NSGA-NET:} {A} Multi-Objective Genetic Algorithm for Neural Architecture
               Search},
  journal   = {CoRR},
  volume    = {abs/1810.03522},
  year      = {2018},
  url       = {http://arxiv.org/abs/1810.03522},
  archivePrefix = {arXiv},
  eprint    = {1810.03522},
  timestamp = {Tue, 30 Oct 2018 10:49:09 +0100},
  biburl    = {https://dblp.org/rec/bib/journals/corr/abs-1810-03522},
  bibsource = {dblp computer science bibliography, https://dblp.org},
  citations = {deb2000fast,dong2018ppp,elsken2018efficient,hsu2018monas}
}

@inproceedings{deb2000fast,
  title={A fast elitist non-dominated sorting genetic algorithm for multi-objective optimization: NSGA-II},
  author={Deb, Kalyanmoy and Agrawal, Samir and Pratap, Amrit and Meyarivan, Tanaka},
  booktitle={International conference on parallel problem solving from nature},
  pages={849--858},
  year={2000},
  organization={Springer}
}

@article{elsken2019neural,
  title={Neural Architecture Search: A Survey.},
  author={Elsken, Thomas and Metzen, Jan Hendrik and Hutter, Frank},
  journal={Journal of Machine Learning Research},
  volume={20},
  number={55},
  pages={1--21},
  year={2019},
  citations = {elsken2018efficient}
}

@article{elsken2018efficient,
  title={Efficient multi-objective neural architecture search via lamarckian evolution},
  author={Elsken, Thomas and Metzen, Jan Hendrik and Hutter, Frank},
  journal={arXiv preprint arXiv:1804.09081},
  year={2018},
  citations = {kim2017nemo,miikkulainen2019evolving,real2017large,stanley2002evolving}
}

@article{stanley2002evolving,
  title={Evolving neural networks through augmenting topologies},
  author={Stanley, Kenneth O and Miikkulainen, Risto},
  journal={Evolutionary computation},
  volume={10},
  number={2},
  pages={99--127},
  year={2002},
  publisher={MIT Press}
}

@inproceedings{real2017large,
  title={Large-scale evolution of image classifiers},
  author={Real, Esteban and Moore, Sherry and Selle, Andrew and Saxena, Saurabh and Suematsu, Yutaka Leon and Tan, Jie and Le, Quoc V and Kurakin, Alexey},
  booktitle={Proceedings of the 34th International Conference on Machine Learning-Volume 70},
  pages={2902--2911},
  year={2017},
  organization={JMLR. org}
}

@incollection{miikkulainen2019evolving,
  title={Evolving deep neural networks},
  author={Miikkulainen, Risto and Liang, Jason and Meyerson, Elliot and Rawal, Aditya and Fink, Daniel and Francon, Olivier and Raju, Bala and Shahrzad, Hormoz and Navruzyan, Arshak and Duffy, Nigel and others},
  booktitle={Artificial Intelligence in the Age of Neural Networks and Brain Computing},
  pages={293--312},
  year={2019},
  publisher={Elsevier}
}

@inproceedings{kim2017nemo,
  title={Nemo: Neuro-evolution with multiobjective optimization of deep neural network for speed and accuracy},
  author={Kim, Ye-Hoon and Reddy, Bhargava and Yun, Sojung and Seo, Chanwon},
  booktitle={ICML 2017 AutoML Workshop},
  year={2017}
}

@article{dong2018ppp,
  title={PPP-Net: Platform-aware progressive search for pareto-optimal neural architectures},
  author={Dong, Jin-Dong and Cheng, An-Chieh and Juan, Da-Cheng and Wei, Wei and Sun, Min},
  year={2018}
}

@article{hsu2018monas,
  title={Monas: Multi-objective neural architecture search using reinforcement learning},
  author={Hsu, Chi-Hung and Chang, Shu-Huan and Liang, Jhao-Hong and Chou, Hsin-Ping and Liu, Chun-Hao and Chang, Shih-Chieh and Pan, Jia-Yu and Chen, Yu-Ting and Wei, Wei and Juan, Da-Cheng},
  journal={arXiv preprint arXiv:1806.10332},
  year={2018}
}
