@Book{levitin2008introduction,
	title={Introduction To Design And Analysis Of Algorithms, 2/E},
	author={Levitin, Anany},
	year={2008},
	publisher= {Pearson Education India}
}